@article{dell2011systematic,
  title={Systematic variation in the temperature dependence of physiological and ecological traits},
  author={Dell, Anthony I and Pawar, Samraat and Savage, Van M},
  journal={Proceedings of the National Academy of Sciences},
  volume={108},
  number={26},
  pages={10591--10596},
  year={2011},
  publisher={National Acad Sciences}
}
@article{allen2002global,
  title={Global biodiversity, biochemical kinetics, and the energetic-equivalence rule},
  author={Allen, Andrew P and Brown, James H and Gillooly, James F},
  journal={Science},
  volume={297},
  number={5586},
  pages={1545--1548},
  year={2002},
  publisher={American Association for the Advancement of Science}
}
@article{brown2004toward,
  title={Toward a metabolic theory of ecology},
  author={Brown, James H and Gillooly, James F and Allen, Andrew P and Savage, Van M and West, Geoffrey B},
  journal={Ecology},
  volume={85},
  number={7},
  pages={1771--1789},
  year={2004},
  publisher={Wiley Online Library}
}
@article{delong2017combined,
  title={The combined effects of reactant kinetics and enzyme stability explain the temperature dependence of metabolic rates},
  author={DeLong, John P and Gibert, Jean P and Luhring, Tom M and Bachman, Gwendolyn and Reed, Benjamin and Neyer, Abigail and Montooth, KL},
  journal={Ecology and evolution},
  volume={7},
  number={11},
  pages={3940--3950},
  year={2017},
  publisher={Wiley Online Library}
}
@article{duthie1982respiratory,
  title={The respiratory metabolism of temperature-adapted flatfish at rest and during swimming activity and the use of anaerobic metabolism at moderate swimming speeds},
  author={Duthie, GARRY G},
  journal={Journal of Experimental Biology},
  volume={97},
  number={1},
  pages={359--373},
  year={1982},
  publisher={The Company of Biologists Ltd}
}
@article{frazier2006thermodynamics,
  title={Thermodynamics constrains the evolution of insect population growth rates:“warmer is better”},
  author={Frazier, MR and Huey, Raymond B and Berrigan, David},
  journal={The American Naturalist},
  volume={168},
  number={4},
  pages={512--520},
  year={2006},
  publisher={The University of Chicago Press}
}
@article{gillooly2001effects,
  title={Effects of size and temperature on metabolic rate},
  author={Gillooly, James F and Brown, James H and West, Geoffrey B and Savage, Van M and Charnov, Eric L},
  journal={science},
  volume={293},
  number={5538},
  pages={2248--2251},
  year={2001},
  publisher={American Association for the Advancement of Science}
}
@article{gillooly2002effects,
  title={Effects of size and temperature on developmental time},
  author={Gillooly, James F and Charnov, Eric L and West, Geoffrey B and Savage, Van M and Brown, James H},
  journal={Nature},
  volume={417},
  number={6884},
  pages={70},
  year={2002},
  publisher={Nature Publishing Group}
}
@article{gillooly2007effects,
  title={Effects of metabolic rate on protein evolution},
  author={Gillooly, James F and McCoy, Michael W and Allen, Andrew P},
  journal={Biology Letters},
  volume={3},
  number={6},
  pages={655--660},
  year={2007},
  publisher={The Royal Society London}
}
@article{johnson2004model,
  title={Model selection in ecology and evolution},
  author={Johnson, Jerald B and Omland, Kristian S},
  journal={Trends in ecology \& evolution},
  volume={19},
  number={2},
  pages={101--108},
  year={2004},
  publisher={Elsevier}
}
@article{levins1966strategy,
  title={The strategy of model building in population biology},
  author={Levins, Richard},
  journal={American scientist},
  volume={54},
  number={4},
  pages={421--431},
  year={1966},
  publisher={JSTOR}
}
@article{padfield2016rapid,
  title={Rapid evolution of metabolic traits explains thermal adaptation in phytoplankton},
  author={Padfield, Daniel and Yvon-Durocher, Genevieve and Buckling, Angus and Jennings, Simon and Yvon-Durocher, Gabriel},
  journal={Ecology Letters},
  volume={19},
  number={2},
  pages={133--142},
  year={2016},
  publisher={Wiley Online Library}
}
@article{schoolfield1981non,
  title={Non-linear regression of biological temperature-dependent rate models based on absolute reaction-rate theory},
  author={Schoolfield, RM and Sharpe, PJH and Magnuson, CE},
  journal={Journal of theoretical biology},
  volume={88},
  number={4},
  pages={719--731},
  year={1981},
  publisher={Elsevier}
}
@article{savage2004predominance,
  title={The predominance of quarter-power scaling in biology},
  author={Savage, Van M and Gillooly, JF and Woodruff, WH and West, GB and Allen, AP and Enquist, Brian J and Brown, JH},
  journal={Functional Ecology},
  volume={18},
  number={2},
  pages={257--282},
  year={2004},
  publisher={Wiley Online Library}
}
@article{pawar2016real,
  title={Real versus artificial variation in the thermal sensitivity of biological traits},
  author={Pawar, Samraat and Dell, Anthony I and Savage, Van M and Knies, Jennifer L},
  journal={The American Naturalist},
  volume={187},
  number={2},
  pages={E41--E52},
  year={2016},
  publisher={University of Chicago Press Chicago, IL}
}
@incollection{boltzmann1970weitere,
  title={Weitere studien {\"u}ber das w{\"a}rmegleichgewicht unter gasmolek{\"u}len},
  author={Boltzmann, Ludwig},
  booktitle={Kinetische Theorie II},
  pages={115--225},
  year={1970},
  publisher={Springer}
}
@article{huey1984jack,
  title={Is a jack-of-all-temperatures a master of none?},
  author={Huey, Raymond B and Hertz, Paul E},
  journal={Evolution},
  volume={38},
  number={2},
  pages={441--444},
  year={1984},
  publisher={Wiley Online Library}
}
@article{huey1989evolution,
  title={Evolution of thermal sensitivity of ectotherm performance},
  author={Huey, Raymond B and Kingsolver, Joel G},
  journal={Trends in Ecology \& Evolution},
  volume={4},
  number={5},
  pages={131--135},
  year={1989},
  publisher={Elsevier}
}
@article{huey2011variation,
  title={Variation in universal temperature dependence of biological rates},
  author={Huey, Raymond B and Kingsolver, Joel G},
  journal={Proceedings of the National Academy of Sciences},
  volume={108},
  number={26},
  pages={10377--10378},
  year={2011},
  publisher={National Acad Sciences}
}
@incollection{pawar2015metabolic,
  title={From metabolic constraints on individuals to the dynamics of ecosystems},
  author={Pawar, Samraat and Dell, Anthony I and Savage, Van M},
  booktitle={Aquatic Functional Biodiversity},
  pages={3--36},
  year={2015},
  publisher={Elsevier}
}
@article{knies2010erroneous,
  title={Erroneous Arrhenius: modified Arrhenius model best explains the temperature dependence of ectotherm fitness},
  author={Knies, Jennifer L and Kingsolver, Joel G},
  journal={The American Naturalist},
  volume={176},
  number={2},
  pages={227--233},
  year={2010},
  publisher={The University of Chicago Press}
}
@article{briere1999novel,
  title={A novel rate model of temperature-dependent development for arthropods},
  author={Bri\'ere, Jean-Francois and Pracros, Pascale and Le Roux, Alain-Yves and Pierre, Jean-Sebastien},
  journal={Environmental Entomology},
  volume={28},
  number={1},
  pages={22--29},
  year={1999},
  publisher={Oxford University Press Oxford, UK}
}
@article{sharpe1977reaction,
  title={Reaction kinetics of poikilotherm development},
  author={Sharpe, Peter JH and DeMichele, Don W},
  journal={Journal of Theoretical Biology},
  volume={64},
  number={4},
  pages={649--670},
  year={1977},
  publisher={Elsevier}
}
@article{logan1976analytic,
  title={An analytic model for description of temperature dependent rate phenomena in arthropods},
  author={Logan, JA and Wollkind, DJ and Hoyt, SC and Tanigoshi, LK},
  journal={Environmental Entomology},
  volume={5},
  number={6},
  pages={1133--1140},
  year={1976},
  publisher={Oxford University Press Oxford, UK}
}
@misc{newville_matthew_2014_11813,
  author       = {Newville, Matthew and
                  Stensitzki, Till and
                  Allen, Daniel B. and
                  Ingargiola,  Antonino},
  title        = {{LMFIT: Non-Linear Least-Square Minimization and 
                   Curve-Fitting for Python}},
  month        = sep,
  year         = 2014,
  doi          = {10.5281/zenodo.11813},
  url          = {https://doi.org/10.5281/zenodo.11813}
}
@article{eskola2009mechanistic,
  title={Mechanistic population Models in Biology: Model Derivation and Application},
  author={Eskola, Hanna and others},
  year={2009},
  publisher={fi= Turun yliopisto| en= University of Turku|}
}
@book{mcquarrie1998regression,
  title={Regression and time series model selection},
  author={McQuarrie, Allan DR and Tsai, Chih-Ling},
  year={1998},
  publisher={World Scientific}
}
@techreport{claeskens2008model,
  title={Model selection and model averaging},
  author={Claeskens, Gerda and Hjort, Nils Lid},
  year={2008},
  institution={Cambridge University Press}
}
@book{giraud2014introduction,
  title={Introduction to high-dimensional statistics},
  author={Giraud, Christophe},
  year={2014},
  publisher={Chapman and Hall/CRC}
}
@article{burnham2004multimodel,
  title={Multimodel inference: understanding AIC and BIC in model selection},
  author={Burnham, Kenneth P and Anderson, David R},
  journal={Sociological methods \& research},
  volume={33},
  number={2},
  pages={261--304},
  year={2004},
  publisher={Sage Publications Sage CA: Thousand Oaks, CA}
}
@book{burnham2002modelselection,
author = {P. Burnham, Kenneth and R. Anderson, David},
year = {2002},
month = {01},
pages = {},
title = {Model Selection and Multimodel Inference: A Practical Information-Theoretic Approach},
volume = {67},
journal = {The Journal of Wildlife Management},
doi = {10.1007/b97636}
}
@Manual{Rlanguage,
  title = {R: A Language and Environment for Statistical Computing},
  author = {{R Core Team}},
  organization = {R Foundation for Statistical Computing},
  address = {Vienna, Austria},
  year = {2015},
  url = {https://www.R-project.org/},
}
@article{ViolleFunctionalTrait,
author = {Violle, Cyrille and Navas, Marie-Laure and Vile, Denis and Kazakou, Elena and Fortunel, Claire and Hummel, Irène and Garnier, Eric},
title = {Let the concept of trait be functional!},
journal = {Oikos},
volume = {116},
number = {5},
pages = {882-892},
doi = {10.1111/j.0030-1299.2007.15559.x},
url = {https://onlinelibrary.wiley.com/doi/abs/10.1111/j.0030-1299.2007.15559.x},
eprint = {https://onlinelibrary.wiley.com/doi/pdf/10.1111/j.0030-1299.2007.15559.x},
abstract = {In its simplest definition, a trait is a surrogate of organismal performance, and this meaning of the term has been used by evolutionists for a long time. Over the last three decades, developments in community and ecosystem ecology have forced the concept of trait beyond these original boundaries, and trait-based approaches are now widely used in studies ranging from the level of organisms to that of ecosystems. Despite some attempts to fix the terminology, especially in plant ecology, there is currently a high degree of confusion in the use, not only of the term “trait” itself, but also in the underlying concepts it refers to. We therefore give an unambiguous definition of plant trait, with a particular emphasis on functional trait. A hierarchical perspective is proposed, extending the “performance paradigm” to plant ecology. “Functional traits” are defined as morpho-physio-phenological traits which impact fitness indirectly via their effects on growth, reproduction and survival, the three components of individual performance. We finally present an integrative framework explaining how changes in trait values due to environmental variations are translated into organismal performance, and how these changes may influence processes at higher organizational levels. We argue that this can be achieved by developing “integration functions” which can be grouped into functional response (community level) and effect (ecosystem level) algorithms.},
year = {2007}
}
@article{michaletz2018evaluating,
  title={Evaluating the kinetic basis of plant growth from organs to ecosystems},
  author={Michaletz, Sean T},
  journal={New Phytologist},
  volume={219},
  number={1},
  pages={37--44},
  year={2018},
  publisher={Wiley Online Library}
}
@article{wagenmakers2004aic,
  title={AIC model selection using Akaike weights},
  author={Wagenmakers, Eric-Jan and Farrell, Simon},
  journal={Psychonomic bulletin \& review},
  volume={11},
  number={1},
  pages={192--196},
  year={2004},
  publisher={Springer}
}
@article{kontopoulos2018use,
  title={Use and misuse of temperature normalisation in meta-analyses of thermal responses of biological traits},
  author={Kontopoulos, Dimitrios-Georgios and Garc{\'\i}a-Carreras, Bernardo and Sal, Sof{\'\i}a and Smith, Thomas P and Pawar, Samraat},
  journal={PeerJ},
  volume={6},
  pages={e4363},
  year={2018},
  publisher={PeerJ Inc.}
}
@article{portner2006trade,
  title={Trade-offs in thermal adaptation: the need for a molecular to ecological integration},
  author={P{\"o}rtner, Hans O and Bennett, Albert F and Bozinovic, Francisco and Clarke, Andrew and Lardies, Marco A and Lucassen, Magnus and Pelster, Bernd and Schiemer, Fritz and Stillman, Jonathon H},
  journal={Physiological and Biochemical Zoology},
  volume={79},
  number={2},
  pages={295--313},
  year={2006},
  publisher={The University of Chicago Press}
}
@article{hoffmann2011climate,
  title={Climate change and evolutionary adaptation},
  author={Hoffmann, Ary A and Sgro, Carla M},
  journal={Nature},
  volume={470},
  number={7335},
  pages={479},
  year={2011},
  publisher={Nature Publishing Group}
}
@article{somero2002thermal,
  title={Thermal physiology and vertical zonation of intertidal animals: optima, limits, and costs of living},
  author={Somero, George N},
  journal={Integrative and comparative biology},
  volume={42},
  number={4},
  pages={780--789},
  year={2002},
  publisher={Oxford University Press}
}
@book{feller2008introduction,
  title={An introduction to probability theory and its applications},
  author={Feller, Willliam},
  volume={2},
  year={2008},
  publisher={John Wiley \& Sons}
}
@article{schulte2015effects,
  title={The effects of temperature on aerobic metabolism: towards a mechanistic understanding of the responses of ectotherms to a changing environment},
  author={Schulte, Patricia M},
  journal={Journal of Experimental Biology},
  volume={218},
  number={12},
  pages={1856--1866},
  year={2015},
  publisher={The Company of Biologists Ltd}
}
@InProceedings{MoreLevenberg1978,
author="Mor{\'e}, Jorge J.",
editor="Watson, G. A.",
title="The Levenberg-Marquardt algorithm: Implementation and theory",
booktitle="Numerical Analysis",
year="1978",
publisher="Springer Berlin Heidelberg",
address="Berlin, Heidelberg",
pages="105--116",
isbn="978-3-540-35972-2"
}
@article{alber1993new,
  title={New modified square root and Schoolfield models for predicting bacterial growth rate as a function of temperature},
  author={Alber, Susan A and Schaffner, Donald W},
  journal={Journal of Industrial Microbiology},
  volume={12},
  number={3-5},
  pages={206--210},
  year={1993},
  publisher={Springer}
}
@article{yvon2012reconciling,
  title={Reconciling the temperature dependence of respiration across timescales and ecosystem types},
  author={Yvon-Durocher, Gabriel and Caffrey, Jane M and Cescatti, Alessandro and Dossena, Matteo and del Giorgio, Paul and Gasol, Josep M and Montoya, Jos{\'e} M and Pumpanen, Jukka and Staehr, Peter A and Trimmer, Mark and others},
  journal={Nature},
  volume={487},
  number={7408},
  pages={472},
  year={2012},
  publisher={Nature Publishing Group}
}
@article{boltzmann1872boltzmann,
  title={L. Boltzmann, Wien. Ber. 66, 275 (1872).},
  author={Boltzmann, Ludwig},
  journal={Wien. Ber.},
  volume={66},
  pages={275},
  year={1872}
}
@article{white2005scaling,
  title={The scaling and temperature dependence of vertebrate metabolism},
  author={White, Craig R and Phillips, Nicole F and Seymour, Roger S},
  journal={Biology Letters},
  volume={2},
  number={1},
  pages={125--127},
  year={2005},
  publisher={The Royal Society London}
}
@article{arrhenius1889reaktionsgeschwindigkeit,
  title={{\"U}ber die Reaktionsgeschwindigkeit bei der Inversion von Rohrzucker durch S{\"a}uren},
  author={Arrhenius, Svante},
  journal={Zeitschrift f{\"u}r physikalische Chemie},
  volume={4},
  number={1},
  pages={226--248},
  year={1889},
  publisher={De Gruyter Oldenbourg}
}